<?xml version="1.0" encoding="UTF-8"?><collection xmlns="http://www.loc.gov/MARC21/slim"><record><leader>00614nam--2200181-i-4500</leader><controlfield tag="001">000024230</controlfield><controlfield tag="002">20161230</controlfield><controlfield tag="005">20161230201035</controlfield><controlfield tag="008">060222s1000------------r-----000-0-eng-d</controlfield><datafield ind1=" " ind2=" " tag="040"><subfield code="a">IFIN-HH</subfield></datafield><datafield ind1=" " ind2=" " tag="080"><subfield code="a">537.52</subfield></datafield><datafield ind1="1" ind2=" " tag="100"><subfield code="a">Kesaev, I.G</subfield></datafield><datafield ind1="1" ind2="0" tag="245"><subfield code="a">Cathode processes in the mercury arc</subfield><subfield code="b">With a foreword by jerome rothstein. authorised transaltion from the russian</subfield><subfield code="c">I.g. kesaev</subfield></datafield><datafield ind1=" " ind2=" " tag="260"><subfield code="a">New York</subfield><subfield code="b">Consultants Bureau</subfield><subfield code="c">1964</subfield></datafield><datafield ind1=" " ind2=" " tag="300"><subfield code="a">345P</subfield></datafield><datafield ind1=" " ind2=" " tag="500"><subfield code="a">Titlul Original In Limba Rusa: Katodnye Protsessy Rtutnoi Dugi I Voprosy Ee Ustoichivosti</subfield></datafield><datafield ind1=" " ind2=" " tag="852"><subfield code="a">77219</subfield><subfield code="c">537.52</subfield></datafield><datafield ind1=" " ind2=" " tag="CAT"><subfield code="a">Sys</subfield><subfield code="c">20110805</subfield><subfield code="h">094432</subfield></datafield></record></collection>